@manual{atmega328p,
    title = "ATmega328p Datasheet",
    organization = "Atmel Corporation",
    url = "https://ww1.microchip.com/downloads/en/DeviceDoc/Atmel-7810-Automotive-Microcontrollers-ATmega328P_Datasheet.pdf"
}

@manual{atmega328p-cpu-core,
    title = "ATmega328p Datasheet",
    chapter = 6,
    organization = "Atmel Corporation",
    url = "https://ww1.microchip.com/downloads/en/DeviceDoc/Atmel-7810-Automotive-Microcontrollers-ATmega328P_Datasheet.pdf"
}

@manual{atmega328p-gpio,
    title = "ATmega328p Datasheet",
    chapter = 13,
    organization = "Atmel Corporation",
    url = "https://ww1.microchip.com/downloads/en/DeviceDoc/Atmel-7810-Automotive-Microcontrollers-ATmega328P_Datasheet.pdf"
}

@manual{atmega328p-memory,
    title = "ATmega328p Datasheet",
    chapter = 7,
    organization = "Atmel Corporation",
    url = "https://ww1.microchip.com/downloads/en/DeviceDoc/Atmel-7810-Automotive-Microcontrollers-ATmega328P_Datasheet.pdf"
}

@manual{atmega328p-timers,
    title = "ATmega328p Datasheet",
    chapter = 14,
    organization = "Atmel Corporation",
    url = "https://ww1.microchip.com/downloads/en/DeviceDoc/Atmel-7810-Automotive-Microcontrollers-ATmega328P_Datasheet.pdf"
}

@manual{avr-instruction-set,
    title = "AVR Instruction Set Manual",
    chapter = 4,
    organization = "Atmel Corporation",
    url = "http://ww1.microchip.com/downloads/en/devicedoc/atmel-0856-avr-instruction-set-manual.pdf"
}

@misc{uart,
    author = "Eric Pena",
    title = "UART: a hardware communication protocol",
    url = "https://www.analogbbb.com/en/analog-dialogue/articles/uart-a-hardware-communication-protocol.html"
}

@manual{clocking-wizard,
    title = "Clocking Wizard Product Guide",
    type = "Guide",
    organization = "Xilinx",
    url = "https://docs.xilinx.com/v/u/en-US/pg065-clk-wiz"
}

@manual{cmod-a7-manual,
    title = "CMOD A7 Reference Manual",
    organization = "Digilent",
    url = "https://digilent.com/reference/_media/reference/programmable-logic/cmod-a7/cmod_a7_rm.pdf"
}

@manual{cmod-a7-programming,
    title = "CMOD A7 Programming Guide",
    organization = "Digilent",
    chapter = "3,4",
    url = "https://digilent.com/reference/learn/programmable-logic/tutorials/cmod-a7-programming-guide/start"
}

@manual{7series-overview,
    title = "7Series Overview",
    organization = "Xilinx",
    url = "https://docs.xilinx.com/v/u/en-US/ds180_7Series_Overview"
}

@misc{cmod-a7-topdown,
    title = "CMOD A7 top-down image",
    organization = "Digilent",
    url = "https://digilent.com/reference/_media/reference/programmable-logic/cmod-a7/cmod-a7-1.png"
}

@misc{cmod-a7-pinout,
    title = "CMOD A7 pinout",
    organization = "Digilent",
    url = "https://digilent.com/reference/_media/cmod_a7/cmoda7_b_dip.png"
}

@misc{serial-port-exceptions,
    title = "CSharp Open Serial Port",
    organization = "Microsoft",
    url = "https://docs.microsoft.com/en-us/dotnet/api/system.io.ports.serialport.open"
}

@misc{vscode-syntax,
    title = "VS Code Syntax Highlighting Guide",
    organization = "Microsoft",
    url = "https://code.visualstudio.com/api/language-extensions/syntax-highlight-guide"
}

@misc{textmate-grammar,
    title = "TextMate Language Grammars",
    organization = "MacroMates Ltd",
    url = "https://macromates.com/manual/en/language_grammars"
}

@misc{textmate-regex,
    title = "TextMate Regular Expressions",
    organization = "MacroMates Ltd",
    url = "https://macromates.com/manual/en/regular_expressions"
}

@misc{vivado,
    title = "Getting Started with Vivado",
    organization = "Xilinx",
    url = "https://www.xilinx.com/developer/products/vivado.html"
}

@manual{cmod-a7-board-files,
    title = "Vivado Board Files Installation",
    organization = "Digilent",
    url = "https://digilent.com/reference/software/vivado/board-files"
}

